
% Journals

% First the Full Name is given, then the abbreviation used in the AMS Math
% Reviews, with an indication if it could not be found there.
% Note the 2nd overwrites the 1st, so swap them if you want the full name.

 %{AMS}
 @String{AMSTrans = "American Mathematical Society Translations" }
 @String{AMSTrans = "Amer. Math. Soc. Transl." }
 @String{BullAMS = "Bulletin of the American Mathematical Society" }
 @String{BullAMS = "Bull. Amer. Math. Soc." }
 @String{ProcAMS = "Proceedings of the American Mathematical Society" }
 @String{ProcAMS = "Proc. Amer. Math. Soc." }
 @String{TransAMS = "Transactions of the American Mathematical Society" }
 @String{TransAMS = "Trans. Amer. Math. Soc." }

 %ACM
 @String{CACM = "Communications of the {ACM}" }
 @String{CACM = "Commun. {ACM}" }
 @String{CompServ = "Comput. Surveys" }
 @String{JACM = "J. ACM" }
 @String{ACMMathSoft = "{ACM} Transactions on Mathematical Software" }
 @String{ACMMathSoft = "{ACM} Trans. Math. Software" }
 @String{SIGNUM = "{ACM} {SIGNUM} Newsletter" }
 @String{SIGNUM = "{ACM} {SIGNUM} Newslett." }

 @String{AmerSocio = "American Journal of Sociology" }
 @String{AmerStatAssoc = "Journal of the American Statistical Association" }
 @String{AmerStatAssoc = "J. Amer. Statist. Assoc." }
 @String{ApplMathComp = "Applied Mathematics and Computation" }
 @String{ApplMathComp = "Appl. Math. Comput." }
 @String{AmerMathMonthly = "American Mathematical Monthly" }
 @String{AmerMathMonthly = "Amer. Math. Monthly" }
 @String{BIT = "{BIT}" }
 @String{BritStatPsych = "British Journal of Mathematical and Statistical
          Psychology" }
 @String{BritStatPsych = "Brit. J. Math. Statist. Psych." }
 @String{CanMathBull = "Canadian Mathematical Bulletin" }
 @String{CanMathBull = "Canad. Math. Bull." }
 @String{CompApplMath = "Journal of Computational and Applied Mathematics" }
 @String{CompApplMath = "J. Comput. Appl. Math." }
 @String{CompPhys = "Journal of Computational Physics" }
 @String{CompPhys = "J. Comput. Phys." }
 @String{CompStruct = "Computers and Structures" }
 @String{CompStruct = "Comput. \& Structures" }
 @String{CompJour = "The Computer Journal" }
 @String{CompJour = "Comput. J." }
 @String{CompSysSci = "Journal of Computer and System Sciences" }
 @String{CompSysSci = "J. Comput. System Sci." }
 @String{Computing = "Computing" }
 @String{ContempMath = "Contemporary Mathematics" }
 @String{ContempMath = "Contemp. Math." }
 @String{Crelle = "Crelle's Journal" }
 @String{GiornaleMath = "Giornale di Mathematiche" }
 @String{GiornaleMath = "Giorn. Mat." } % didn't find in AMS MR., ibid.

 %IEEE
 @String{Computer = "{IEEE} Computer" }
 @String{IEEETransComp = "{IEEE} Transactions on Computers" }
 @String{IEEETransComp = "{IEEE} Trans. Comput." }
 @String{IEEETransAC = "{IEEE} Transactions on Automatic Control" }
 @String{IEEETransAC = "{IEEE} Trans. Automat. Control" }
 @String{IEEESpec = "{IEEE} Spectrum" } % didn't find in AMS MR
 @String{ProcIEEE = "Proceedings of the {IEEE}" }
 @String{ProcIEEE = "Proc. {IEEE}" } % didn't find in AMS MR
 @String{IEEETransAeroElec = "{IEEE} Transactions on Aerospace and Electronic
     Systems" }
 @String{IEEETransAeroElec = "{IEEE} Trans. Aerospace Electron. Systems" }

 @String{IMANumerAna = "{IMA} Journal of Numerical Analysis" }
 @String{IMANumerAna = "{IMA} J. Numer. Anal." }
 @String{InfProcLet = "Information Processing Letters" }
 @String{InfProcLet = "Inform. Process. Lett." }
 @String{InstMathApp = "Journal of the Institute of Mathematics and
     its Applications" }
 @String{InstMathApp = "J. Inst. Math. Appl." }
 @String{IntControl = "International Journal of Control" }
 @String{IntControl = "Internat. J. Control" }
 @String{IntNumerEng = "International Journal for Numerical Methods in
     Engineering" }
 @String{IntNumerEng = "Internat. J. Numer. Methods Engrg." }
 @String{IntSuper = "International Journal of Supercomputing Applications" }
 @String{IntSuper = "Internat. J. Supercomputing Applic." } % didn't find
%% in AMS MR
 @String{Kibernetika = "Kibernetika" }
 @String{JResNatBurStand = "Journal of Research of the National Bureau
     of Standards" }
 @String{JResNatBurStand = "J. Res. Nat. Bur. Standards" }
 @String{LinAlgApp = "Linear Algebra and its Applications" }
 @String{LinAlgApp = "Linear Algebra Appl." }
 @String{MathAnaAppl = "Journal of Mathematical Analysis and Applications" }
 @String{MathAnaAppl = "J. Math. Anal. Appl." }
 @String{MathAnnalen = "Mathematische Annalen" }
 @String{MathAnnalen = "Math. Ann." }
 @String{MathPhys = "Journal of Mathematical Physics" }
 @String{MathPhys = "J. Math. Phys." }
 @String{MathComp = "Mathematics of Computation" }
 @String{MathComp = "Math. Comp." }
 @String{MathScand = "Mathematica Scandinavica" }
 @String{MathScand = "Math. Scand." }
 @String{TablesAidsComp = "Mathematical Tables and Other Aids to Computation" }
 @String{TablesAidsComp = "Math. Tables Aids Comput." }
 @String{NumerMath = "Numerische Mathematik" }
 @String{NumerMath = "Numer. Math." }
 @String{PacificMath = "Pacific Journal of Mathematics" }
 @String{PacificMath = "Pacific J. Math." }
 @String{ParDistComp = "Journal of Parallel and Distributed Computing" }
 @String{ParDistComp = "J. Parallel and Distrib. Comput." } % didn't find
%% in AMS MR
 @String{ParComputing = "Parallel Computing" }
 @String{ParComputing = "Parallel Comput." }
 @String{PhilMag = "Philosophical Magazine" }
 @String{PhilMag = "Philos. Mag." }
 @String{ProcNAS = "Proceedings of the National Academy of Sciences
                    of the USA" }
 @String{ProcNAS = "Proc. Nat. Acad. Sci. U. S. A." }
 @String{Psychometrika = "Psychometrika" }
 @String{QuartMath = "Quarterly Journal of Mathematics, Oxford, Series (2)" }
 @String{QuartMath = "Quart. J. Math. Oxford Ser. (2)" }
 @String{QuartApplMath = "Quarterly of Applied Mathematics" }
 @String{QuartApplMath = "Quart. Appl. Math." }
 @String{RevueInstStat = "Review of the International Statisical Institute" }
 @String{RevueInstStat = "Rev. Inst. Internat. Statist." }

 %SIAM
 @String{JSIAM = "Journal of the Society for Industrial and Applied
     Mathematics" }
 @String{JSIAM = "J. Soc. Indust. Appl. Math." }
 @String{JSIAMB = "Journal of the Society for Industrial and Applied
     Mathematics, Series B, Numerical Analysis" }
 @String{JSIAMB = "J. Soc. Indust. Appl. Math. Ser. B Numer. Anal." }
 @String{SIAMAlgMeth = "{SIAM} Journal on Algebraic and Discrete Methods" }
 @String{SIAMAlgMeth = "{SIAM} J. Algebraic Discrete Methods" }
 @String{SIAMAppMath = "{SIAM} Journal on Applied Mathematics" }
 @String{SIAMAppMath = "{SIAM} J. Appl. Math." }
 @String{SIAMComp = "{SIAM} Journal on Computing" }
 @String{SIAMComp = "{SIAM} J. Comput." }
 @String{SIAMMatrix = "{SIAM} Journal on Matrix Analysis and Applications" }
 @String{SIAMMatrix = "{SIAM} J. Matrix Anal. Appl." }
 @String{SIAMNumAnal = "{SIAM} Journal on Numerical Analysis" }
 @String{SIAMNumAnal = "{SIAM} J. Numer. Anal." }
 @String{SIAMReview = "{SIAM} Review" }
 @String{SIAMReview = "{SIAM} Rev." }
 @String{SIAMSciStat = "{SIAM} Journal on Scientific and Statistical
     Computing" }
 @String{SIAMSciStat = "{SIAM} J. Sci. Statist. Comput." }

 @String{SoftPracExp = "Software Practice and Experience" }
 @String{SoftPracExp = "Software Prac. Experience" } % didn't find in AMS MR
 @String{StatScience = "Statistical Science" }
 @String{StatScience = "Statist. Sci." }
 @String{Techno = "Technometrics" }
 @String{USSRCompMathPhys = "{USSR} Computational Mathematics and Mathematical
     Physics" }
 @String{USSRCompMathPhys = "{U. S. S. R.} Comput. Math. and Math. Phys." }
 @String{VLSICompSys = "Journal of {VLSI} and Computer Systems" }
 @String{VLSICompSys = "J. {VLSI} Comput. Syst." }
 @String{ZAngewMathMech = "Zeitschrift fur Angewandte Mathematik und
     Mechanik" }
 @String{ZAngewMathMech = "Z. Angew. Math. Mech." }
 @String{ZAngewMathPhys = "Zeitschrift fur Angewandte Mathematik und Physik" }
 @String{ZAngewMathPhys = "Z. Angew. Math. Phys." }

% Publishers % ================================================= |

 @String{Academic = "Academic Press" }
 @String{ACMPress = "{ACM} Press" }
 @String{AdamHilger = "Adam Hilger" }
 @String{AddisonWesley = "Addison-Wesley" }
 @String{AllynBacon = "Allyn and Bacon" }
 @String{AMS = "American Mathematical Society" }
 @String{Birkhauser = "Birkha{\"u}ser" }
 @String{CambridgePress = "Cambridge University Press" }
 @String{Chelsea = "Chelsea" }
 @String{ClaredonPress = "Claredon Press" }
 @String{DoverPub = "Dover Publications" }
 @String{Eyolles = "Eyolles" }
 @String{HoltRinehartWinston = "Holt, Rinehart and Winston" }
 @String{Interscience = "Interscience" }
 @String{JohnsHopkinsPress = "The Johns Hopkins University Press" }
 @String{JohnWileySons = "John Wiley and Sons" }
 @String{Macmillan = "Macmillan" }
 @String{MathWorks = "The Math Works Inc." }
 @String{McGrawHill = "McGraw-Hill" }
 @String{NatBurStd = "National Bureau of Standards" }
 @String{NorthHolland = "North-Holland" }
 @String{OxfordPress = "Oxford University Press" }  %address Oxford or London?
 @String{PergamonPress = "Pergamon Press" }
 @String{PlenumPress = "Plenum Press" }
 @String{PrenticeHall = "Prentice-Hall" }
 @String{SIAMPub = "{SIAM} Publications" }
 @String{Springer = "Springer-Verlag" }
 @String{TexasPress = "University of Texas Press" }
 @String{VanNostrand = "Van Nostrand" }
 @String{WHFreeman = "W. H. Freeman and Co." }

%Entries
@article{ali2017nuts,
title={The nuts and bolts of micropayments: a survey},
author={Ali, Syed Taha and Clarke, Dylan and McCorry, Patrick},
journal={arXiv preprint arXiv:1710.02964},
year={2017}
}

@inproceedings{anati2013innovative,
title={Innovative technology for CPU based attestation and sealing},
author={Anati, Ittai and Gueron, Shay and Johnson, Simon and Scarlata, Vincent},
booktitle={Proceedings of the 2nd international workshop on hardware and architectural support for security and privacy},
volume={13},
number={7},
year={2013},
organization={ACM New York, NY, USA}
}

@inproceedings{barbosa2016foundations,
title={Foundations of hardware-based attested computation and application to SGX},
author={Barbosa, Manuel and Portela, Bernardo and Scerri, Guillaume and Warinschi, Bogdan},
booktitle={2016 IEEE European Symposium on Security and Privacy (EuroS&P)},
pages={245–260},
year={2016},
organization={IEEE}
}

@inproceedings{chen2018survey,
  title={A survey of blockchain applications in different domains},
  author={Chen, Wubing and Xu, Zhiying and Shi, Shuyu and Zhao, Yang and Zhao, Jun},
  booktitle={Proceedings of the 2018 International Conference on Blockchain Technology and Application},
  pages={17--21},
  year={2018}
}

@article{becker2008merkle,
  title={Merkle signature schemes, merkle trees and their cryptanalysis},
  author={Becker, Georg},
  journal={Ruhr-University Bochum, Tech. Rep},
  volume={12},
  pages={19},
  year={2008},
  publisher={Citeseer}
}

@inproceedings{robinson2019anonymous,
  title={Anonymous state pinning for private blockchains},
  author={Robinson, Peter and Brainard, John},
  booktitle={2019 18th IEEE International Conference On Trust, Security And Privacy In Computing And Communications/13th IEEE International Conference On Big Data Science And Engineering (TrustCom/BigDataSE)},
  pages={827--834},
  year={2019},
  organization={IEEE}
}

@article{qin2018overview,
  title={An overview of blockchain scalability, interoperability and sustainability},
  author={Qin, Kaihua and Gervais, Arthur},
  journal={Hochschule Luzern Imperial College London Liquidity Network},
  year={2018}
}
@article{belchior2021survey,
  title={A survey on blockchain interoperability: Past, present, and future trends},
  author={Belchior, Rafael and Vasconcelos, Andr{\'e} and Guerreiro, S{\'e}rgio and Correia, Miguel},
  journal={ACM Computing Surveys (CSUR)},
  volume={54},
  number={8},
  pages={1--41},
  year={2021},
  publisher={ACM New York, NY}
}
@inproceedings{castro1999practical,
  title={Practical byzantine fault tolerance},
  author={Castro, Miguel and Liskov, Barbara and others},
  booktitle={OsDI},
  volume={99},
  number={1999},
  pages={173--186},
  year={1999}
}
@inproceedings{liskov2005updatable,
  title={Updatable zero-knowledge databases},
  author={Liskov, Moses},
  booktitle={International Conference on the Theory and Application of Cryptology and Information Security},
  pages={174--198},
  year={2005},
  organization={Springer}
}
@INPROCEEDINGS{sidechainzkp,
  author={Westerkamp, Martin and Eberhardt, Jacob},
  booktitle={2020 IEEE European Symposium on Security and Privacy Workshops (EuroS and PW)}, 
  title={zkRelay: Facilitating Sidechains using zkSNARK-based Chain-Relays}, 
  year={2020},
  volume={},
  number={},
  pages={378-386},
  doi={10.1109/EuroSPW51379.2020.00058}
  }
  
@article{robinson2021survey,
  title={Survey of crosschain communications protocols},
  author={Robinson, Peter},
  journal={Computer Networks},
  volume={200},
  pages={108488},
  year={2021},
  publisher={Elsevier}
}
@article{singh2020sidechain,
  title={Sidechain technologies in blockchain networks: An examination and state-of-the-art review},
  author={Singh, Amritraj and Click, Kelly and Parizi, Reza M and Zhang, Qi and Dehghantanha, Ali and Choo, Kim-Kwang Raymond},
  journal={Journal of Network and Computer Applications},
  volume={149},
  pages={102471},
  year={2020},
  publisher={Elsevier}
}

@article{poon2017plasma,
  title={Plasma: Scalable autonomous smart contracts},
  author={Poon, Joseph and Buterin, Vitalik},
  journal={White paper},
  pages={1--47},
  year={2017}
}

@article{introdefi,
  title={An introduction to decentralized finance (defi)},
  author={Jensen, Johannes Rude and von Wachter, Victor and Ross, Omri},
  journal={Complex Systems Informatics and Modeling Quarterly},
  number={26},
  pages={46--54},
  year={2021}
}

@misc{poon2016bitcoin,
  title={The bitcoin lightning network: Scalable off-chain instant payments},
  author={Poon, Joseph and Dryja, Thaddeus},
  year={2016}
}

@inproceedings{zhang2021enabling,
  title={Enabling Auction-based Cross-Blockchain Protocol for Online Anonymous Payment},
  author={Zhang, Qian and Cao, Sheng and Zhang, Xiaosong},
  booktitle={2021 IEEE 27th International Conference on Parallel and Distributed Systems (ICPADS)},
  pages={715--722},
  year={2021},
  organization={IEEE}
}

@inproceedings{lys2021r,
  title={R-SWAP: Relay based atomic cross-chain swap protocol},
  author={Lys, L{\'e}onard and Micoulet, Arthur and Potop-Butucaru, Maria},
  booktitle={International Symposium on Algorithmic Aspects of Cloud Computing},
  pages={18--37},
  year={2021},
  organization={Springer}
}

@article{nakamoto2008bitcoin,
  title={Bitcoin whitepaper},
  author={Nakamoto, Satoshi},
  journal={URL: https://bitcoin. org/bitcoin. pdf-(: 17.07. 2019)},
  year={2008}
}

@inproceedings{deng2018sidechain,
  title={Research on cross-chain technology based on sidechain and hash-locking},
  author={Deng, Liping and Chen, Huan and Zeng, Jing and Zhang, Liang-Jie},
  booktitle={International conference on edge computing},
  pages={144--151},
  year={2018},
  organization={Springer}
}

@article{sun2020collaborative-relay,
  title={Collaborative blockchain for space-air-ground integrated networks},
  author={Sun, Wen and Wang, Lu and Wang, Peng and Zhang, Yan},
  journal={IEEE Wireless Communications},
  volume={27},
  number={6},
  pages={82--89},
  year={2020},
  publisher={IEEE}
}

@article{warren20170x-relay,
  title={0x: An open protocol for decentralized exchange on the Ethereum blockchain},
  author={Warren, Will and Bandeali, Amir},
  journal={URl: https://github. com/0xProject/whitepaper},
  pages={04--18},
  year={2017}
}

@inproceedings{cao2020-zk-atomic,
  title={Anonymous scheme for blockchain atomic swap based on zero-knowledge proof},
  author={Cao, Ling and Wan, Zheyi},
  booktitle={2020 IEEE International Conference on Artificial Intelligence and Computer Applications (ICAICA)},
  pages={371--374},
  year={2020},
  organization={IEEE}
}
@inproceedings{garoffolo2020zendoo,
  title={Zendoo: A zk-SNARK verifiable cross-chain transfer protocol enabling decoupled and decentralized sidechains},
  author={Garoffolo, Alberto and Kaidalov, Dmytro and Oliynykov, Roman},
  booktitle={2020 IEEE 40th International Conference on Distributed Computing Systems (ICDCS)},
  pages={1257--1262},
  year={2020},
  organization={IEEE}
}

@article{boneh2020efficient-pcs,
  title={Efficient polynomial commitment schemes for multiple points and polynomials},
  author={Boneh, Dan and Drake, Justin and Fisch, Ben and Gabizon, Ariel},
  journal={Cryptology ePrint Archive},
  year={2020}
}

@article{boneh2020halo-pcs,
  title={Halo infinite: Recursive zk-snarks from any additive polynomial commitment scheme},
  author={Boneh, Dan and Drake, Justin and Fisch, Ben and Gabizon, Ariel},
  journal={Cryptology ePrint Archive},
  year={2020}
}

@article{kate2010polynomial-pcs,
  title={Polynomial commitments},
  author={Kate, Aniket and Zaverucha, Gregory M and Goldberg, Ian},
  journal={Tech. Rep},
  year={2010}
}

@inproceedings{kate2010constant-zkp,
  title={Constant-size commitments to polynomials and their applications},
  author={Kate, Aniket and Zaverucha, Gregory M and Goldberg, Ian},
  booktitle={International conference on the theory and application of cryptology and information security},
  pages={177--194},
  year={2010},
  organization={Springer}
}

@inproceedings{damgaard1998commitment-zkp,
  title={Commitment schemes and zero-knowledge protocols},
  author={Damg{\aa}rd, Ivan},
  booktitle={School organized by the European Educational Forum},
  pages={63--86},
  year={1998},
  organization={Springer}
}

@inproceedings{cramer1998zero-zkp,
  title={Zero-knowledge proofs for finite field arithmetic, or: Can zero-knowledge be for free?},
  author={Cramer, Ronald and Damg{\aa}rd, Ivan},
  booktitle={Annual International Cryptology Conference},
  pages={424--441},
  year={1998},
  organization={Springer}
}

@article{mayer2016zk,
  title={zk-SNARK explained: Basic Principles},
  author={Mayer, Hartwig},
  journal={URL https://blog. coinfabrik. com/wp-content/uploads/2017/03/zkSNARK-explained\_basic\_principles. pdf},
  year={2016}
}

@article{mohan2022automated,
  title={Automated market makers and decentralized exchanges: a DeFi primer},
  author={Mohan, Vijay},
  journal={Financial Innovation},
  volume={8},
  number={1},
  pages={1--48},
  year={2022},
  publisher={Springer}
}

@article{zetzsche2020decentralized,
  title={Decentralized finance},
  author={Zetzsche, Dirk A and Arner, Douglas W and Buckley, Ross P},
  journal={Journal of Financial Regulation},
  volume={6},
  number={2},
  pages={172--203},
  year={2020},
  publisher={Oxford University Press}
}

@article{chen2020blockchain,
  title={Blockchain disruption and decentralized finance: The rise of decentralized business models},
  author={Chen, Yan and Bellavitis, Cristiano},
  journal={Journal of Business Venturing Insights},
  volume={13},
  pages={e00151},
  year={2020},
  publisher={Elsevier}
}

@article{munoz2022circom,
  title={CIRCOM: A Robust and Scalable Language for Building Complex Zero-Knowledge Circuits},
  author={Mu{\~n}oz-Tapia, Jose L and Belles, Marta and Isabel, Miguel and Rubio, Albert and Baylina, Jordi},
  year={2022},
  publisher={TechRxiv}
}

@article{lin2017survey,
  title={A survey of blockchain security issues and challenges.},
  author={Lin, Iuon-Chang and Liao, Tzu-Chun},
  journal={Int. J. Netw. Secur.},
  volume={19},
  number={5},
  pages={653--659},
  year={2017}
}

@article{ray2020blwn,
  title={BLWN: Blockchain-based lightweight simplified payment verification in IoT-assisted e-healthcare},
  author={Ray, Partha Pratim and Kumar, Neeraj and Dash, Dinesh},
  journal={IEEE Systems Journal},
  volume={15},
  number={1},
  pages={134--145},
  year={2020},
  publisher={IEEE}
}

@article{robinson2020merits,
  title={The merits of using ethereum mainnet as a coordination blockchain for ethereum private sidechains},
  author={Robinson, Peter},
  journal={The Knowledge Engineering Review},
  volume={35},
  year={2020},
  publisher={Cambridge University Press}
}

@article{petkus2019and,
  title={Why and how zk-snark works},
  author={Petkus, Maksym},
  journal={arXiv preprint arXiv:1906.07221},
  year={2019}
}


@article{xie2022zkbridge-zkbridge,
title={zkBridge: Trustless Cross-chain Bridges Made Practical},
author={Xie, Tiancheng and Zhang, Jiaheng and Cheng, Zerui and Zhang, Fan and Zhang, Yupeng and Jia, Yongzheng and Boneh, Dan and Song, Dawn},
journal={arXiv preprint arXiv:2210.00264},
year={2022}
}

@inproceedings{gong2022analysis-scheme,
title={Analysis and comparison of the main zero-knowledge proof scheme},
author={Gong, Yinjie and Jin, Yifei and Li, Yuchan and Liu, Ziyi and Zhu, Zhiyi},
booktitle={2022 International Conference on Big Data, Information and Computer Network (BDICN)},
pages={366–372},
year={2022},
organization={IEEE}
}

@article{lundberg2022dapp-defi,
title={DApp Revolution: An Investigation into the Nature and Business Models of Web 3.0 Decentralized Applications},
author={Lundberg, Lina and Petr{'e}n, Malin},
year={2022}
}

@inproceedings{chiesa2020marlin-scheme,
title={Marlin: preprocessing zkSNARKs with universal and updatable SRS},
author={Chiesa, Alessandro and Hu, Yuncong and Maller, Mary and Mishra, Pratyush and Vesely, Noah and Ward, Nicholas},
booktitle={Annual International Conference on the Theory and Applications of Cryptographic Techniques},
pages={738–768},
year={2020},
organization={Springer}
}

@inproceedings{fiore2016security-scheme,
title={On the (in) security of SNARKs in the presence of oracles},
author={Fiore, Dario and Nitulescu, Anca},
booktitle={Theory of Cryptography Conference},
pages={108–138},
year={2016},
organization={Springer}
}

@inproceedings{groth2016size-scheme,
title={On the size of pairing-based non-interactive arguments},
author={Groth, Jens},
booktitle={Annual international conference on the theory and applications of cryptographic techniques},
pages={305–326},
year={2016},
organization={Springer}
}

@inproceedings{setty2020spartan-scheme,
title={Spartan: Efficient and general-purpose zkSNARKs without trusted setup},
author={Setty, Srinath},
booktitle={Annual International Cryptology Conference},
pages={704–737},
year={2020},
organization={Springer}
}

@misc{substrate,
    author = {Substrate},
    year = {2014},
    title = {Substrate Documentation},
    url = {https://docs.substrate.io/},
    note = {Accessed on 2022-9-3} 
}

@misc{halo2book,
    author = {Halo2},
    year = {2020},
    title = {The Halo2 Book},
    url = {https://zcash.github.io/halo2/},
    note = {Accessed on 2022-9-3}
}

@article{whitehat2020baby,
  title={Baby Jubjub elliptic curve},
  author={WhiteHat, Barry and Baylina, Jordi and Bell{\'e}s, Marta},
  journal={Ethereum Improvement Proposal, EIP-2494},
  volume={29},
  year={2020}
}